(1) http://www.cl.cam.ac.uk/research/srg/netos/papers/2007-cpwl.pdf OK
(2) paper 1 OK
(3) paper 2 NO
(4) https://en.wikipedia.org/wiki/Cryptographic_hash_function OK
(5) slide pizzonia OK
(6) Paper pizzonia OK
(7) Tesi gianmaria OK
(8) Paper cuckoo OK


@thesis{pipelineintegrity_thesis,
	author = {Gianmaria Del Monte},
	title = {Studio E Realizzazione Di Un Protocollo Efficiente Per L'Integrità Dei Dati Su Cloud},
	institution = {Università degli Studi Roma 3},
	year = {2018}
}

@Unpublished{main_project,
	author = {Federico Griscioli, Diego Pennino and Maurizio Pizzonia},
	title = {\textit{On-the-Fly Integrity Checks by Authenticated Data Structures without impairing scalability}},
	note = {},
	year = 2018
}

@Unpublished{slide_pizzo,
	author = {Maurizio Pizzonia},
	title = {Authenticated Data Structures},
	note = {Lucidi del corso \textit{Sicurezza dei sistemi informatici e delle reti}},
	year = 2017
}

@techreport{blocking_datastructures,
	author = "Keir Fraser and Tim Harris",
	title = "\textit{Concurrent Programming Without Locks}",
	year = "2007",
	url = "http://www.cl.cam.ac.uk/research/srg/netos/papers/2007-cpwl.pdf" 
}

@techreport{authskiplist,
	author = "Michael T. Goodrich and Roberto Tamassia",
	title = "\textit{Efficient Authenticated Dictionaries with Skip Lists and Commutative Hashing}",
	year = "2001",
	url = "http://www.cs.jhu.edu/~goodrich/cgc/pubs/hashskip.pdf" 
}

@techreport{cuckoo,
	author = "Bin Fan, David G. Andersen, Michael Kaminsky and Michael D. Mitzenmacher",
	title = "Harvard University",
	year = "2014",
	url = "http://www.cs.cmu.edu/~dga/papers/cuckoo-conext2014.pdf" 
}

@online{crypto_general,
	title = {Cryptographic hash function},
	year = {2018},
	note = {\url{https://en.wikipedia.org/wiki/Cryptographic_hash_function}},
}